<record><leader>00000cas a22000007a 4500</leader><controlfield tag="001">9849919</controlfield><controlfield tag="008">830826d18761885nyudn ne      0    0eng d</controlfield><datafield ind1=" " ind2=" " tag="010"><subfield code="a">sn 83031447 </subfield></datafield><datafield ind1=" " ind2=" " tag="040"><subfield code="a">NPU</subfield><subfield code="b">eng</subfield><subfield code="c">NPU</subfield><subfield code="d">NPX</subfield><subfield code="d">NYS</subfield><subfield code="d">MGN</subfield><subfield code="d">OCLCQ</subfield><subfield code="d">NYS</subfield><subfield code="d">OCLCQ</subfield></datafield><datafield ind1=" " ind2=" " tag="042"><subfield code="a">msc</subfield></datafield><datafield ind1="0" ind2="0" tag="245"><subfield code="a">Newburgh daily register.</subfield></datafield><datafield ind1=" " ind2=" " tag="260"><subfield code="a">Newburgh, N.Y. :</subfield><subfield code="b">H.P. Kimber &amp; Co.</subfield></datafield><datafield ind1=" " ind2=" " tag="300"><subfield code="a">v. ;</subfield><subfield code="c">54-64 cm.</subfield></datafield><datafield ind1=" " ind2=" " tag="310"><subfield code="a">Daily (except Sun.)</subfield></datafield><datafield ind1="1" ind2=" " tag="362"><subfield code="a">Began in 1876; ceased in 1885?</subfield></datafield><datafield ind1=" " ind2=" " tag="500"><subfield code="a">Publishers: H.P. Kimber &amp; Co., &lt;1877&gt;; John A. Mason, &lt;1883&gt;-1885.</subfield></datafield><datafield ind1=" " ind2=" " tag="588"><subfield code="a">Description based on: Vol. 1, no. 107 (Feb. 1, 1877).</subfield></datafield><datafield ind1=" " ind2="4" tag="651"><subfield code="a">Newburgh (N.Y.)</subfield><subfield code="v">Newspapers.</subfield></datafield><datafield ind1=" " ind2=" " tag="752"><subfield code="a">United States</subfield><subfield code="b">New York</subfield><subfield code="c">Orange</subfield><subfield code="d">Newburgh.</subfield></datafield><datafield ind1="0" ind2=" " tag="775"><subfield code="t">Newburgh weekly register</subfield><subfield code="w">(DLC)sn 83031442</subfield><subfield code="w">(OCoLC)9849896</subfield></datafield><datafield ind1="0" ind2="0" tag="780"><subfield code="t">Newburgh morning telegraph</subfield><subfield code="w">(DLC)sn 83031458</subfield><subfield code="w">(OCoLC)9857822</subfield></datafield><datafield ind1="0" ind2="5" tag="780"><subfield code="t">Newburgh daily mail and post</subfield><subfield code="w">(DLC)sn 92061690</subfield><subfield code="w">(OCoLC)25917899</subfield></datafield><datafield ind1="0" ind2="0" tag="785"><subfield code="t">Newburgh register</subfield><subfield code="w">(DLC)sn 83031448</subfield><subfield code="w">(OCoLC)9849865</subfield></datafield><datafield ind1="1" ind2=" " tag="029"><subfield code="a">AU@</subfield><subfield code="b">000020408399</subfield></datafield></record>